@Article{ArrighiDowekLMCS17,
  author = "Pablo Arrighi and Gilles Dowek",
  title = "Lineal: A linear-algebraic lambda-calculus",
  journal = "Logical Methods in Computer Science",
  volume = "13",
  number = "1:8",
  year = "2017"
}

@article{SelingerMSCS04,
  author = "Peter Selinger",
  title = "Towards a quantum programming language",
  journal = "Ma\-the\-ma\-ti\-cal Structures in Computer Science",
  volume = "14",
  number = "4",
  pages = "527--586",
  year = "2004"
}

@Article{AltenkirchGrattageVizzottoSabryQPL05,
  author = "Thorsten Altenkirch and Jonathan Grattage and Juliana K. Vizzotto and Amr Sabry",
  title = "An Algebra of Pure Quantum Programming",
  journal = "Electronic Notes in Theoretical Computer Science",
  volume = "170",
  pages = "23--47",
  year = "2007",
  note = "Proceedings of {QPL 2005}"
}


@Article{DiazcaroDowekTPNC17,
    author = "D{\'i}az-Caro, Alejandro and Dowek, Gilles",
    title = "Typing quantum superpositions and measurement",
    journal = "Lecture Notes in Computer Science",
    volume = "10687",
    pages = "281--293",
    year = "2017",
    note = "Proceedings of {TPNC 2017}"
}

@InProceedings{lamrho,
    author = "Alejandro D{\'i}az-Caro",
    title = "A lambda calculus for density matrices with classical and probabilistic controls",
    booktitle = "Programming Languages and Systems (APLAS 2017)",
    editor = "Bor-Yuh Evan Chang",
    series = "Lecture Notes in Computer Science",
    publisher = "Springer, Cham",
    pages = "448--467",
    volume = "10695",
    year = "2017"
}

@Book{NielsenChuang10,
   author = "Michael Nielsen and Isaac Chuang",
   title = "Quantum computation and quantum information",
   publisher = "Cambridge University Press",
   year = "2010"
}

@inproceedings{hpc,
    author = {Gill, Andy and Runciman, Colin},
    year = {2007},
    month = {09},
    pages = {1-12},
    title = {Haskell program coverage},
    doi = {10.1145/1291201.1291203}
}

@Article{DiazcaroDowekRinaldiBIO19,
    author = "Alejandro D{\'i}az-Caro and Gilles Dowek and {Juan Pablo} Rinaldi",
    title = "Two linearities for quantum computing in the lambda calculus",
    journal = "BioSystems",
    volume = "186",
    pages = "104012",
    year = "2019"
}

@Article{DiazcaroGuillermoMiquelValironLICS19,
    author = "D{\'i}az-Caro, Alejandro and Guillermo, Mauricio and Miquel, Alexandre and Valiron, Beno{\^i}t",
    title = "Realizability in the Unitary Sphere",
    journal = "Proceedings of {LICS}",
    volume = "2019",
    pages = "1--13",
    year = "2019"
}


@Misc{DiazcaroMalherbe2020,
    author = "D{\'i}az-Caro, Alejandro and Malherbe, Octavio",
    title = "A concrete model for a linear algebraic lambda calculus",
    year = "2020",
    howpublished = "Under review. Draft at {\tt arXiv:1806.09236}"
}

@Article{DiazcaroMalherbeACS20,
    author = "D{\'i}az-Caro, Alejandro and Malherbe, Octavio",
    title = "A Categorical Construction for the Computational Definition of Vector Spaces",
    journal = "Applied Categorical Structures",
    volume = "28",
    number= "5",
    pages = "807--844",
    year = "2020",
}

@Article{DiazcaroMalherbeLSFA18,
    author = "Alejandro D{\'i}az-Caro and Octavio Malherbe",
    title = "A concrete categorical semantics for Lambda-S",
    journal = "Electronic Notes in Theoretical Computer Science",
    volume = "344",
    pages = "83--100",
    year = "2019",
    note= "Proceedings of {LSFA 2018}"
}

@article{PlotkinTCS75,
   author = "Gordon Plotkin",
   title = "Call-by-name, call-by-value and the $\lambda$-calculus",
   journal = "Theoretical Computer Science",
   volume = "1",
   number = "2",
   pages = "125--159",
   year = "1975"
}


@article{qiskit_spec,
  doi = {10.48550/ARXIV.1809.03452},
  url = {https://arxiv.org/abs/1809.03452},
  author = {McKay, David C. and Alexander, Thomas and Bello, Luciano and Biercuk, Michael J. and Bishop, Lev and Chen, Jiayin and Chow, Jerry M. and C{\'o}rcoles, Antonio D. and Egger, Daniel and Filipp, Stefan and Gomez, Juan and Hush, Michael and Javadi-Abhari, Ali and Moreda, Diego and Nation, Paul and Paulovicks, Brent and Winston, Erick and Wood, Christopher J. and Wootton, James and Gambetta, Jay M.},
  keywords = {Quantum Physics (quant-ph), Emerging Technologies (cs.ET), FOS: Physical sciences, FOS: Physical sciences, FOS: Computer and information sciences, FOS: Computer and information sciences},
  title = {Qiskit Backend Specifications for OpenQASM and OpenPulse Experiments},
  journal = {IBM Research},
  publisher = {arXiv},
  year = {2018},
  copyright = {arXiv.org perpetual, non-exclusive license}
}


@book{kuhlman2011python,
  title={A Python Book: Beginning Python, Advanced Python, and Python Exercises},
  author={Kuhlman, D.},
  isbn={9780984221233},
  url={https://books.google.co.uk/books?id=1FL-ygAACAAJ},
  year={2011},
  publisher={Platypus Global Media}
}

@article{quantum_states,
  doi = {10.48550/ARXIV.QUANT-PH/0407010},
  
  url = {https://arxiv.org/abs/quant-ph/0407010},
  
  author = {Mottonen, Mikko and Vartiainen, Juha J. and Bergholm, Ville and Salomaa, Martti M.},
  
  keywords = {Quantum Physics (quant-ph), FOS: Physical sciences, FOS: Physical sciences},
  
  title = {Transformation of quantum states using uniformly controlled rotations},
  publisher = {arXiv},
  journal = {Quant. Inf. Comp. 5, 467 (2005)},
  year = {2004},
  
  copyright = {Assumed arXiv.org perpetual, non-exclusive license to distribute this article for submissions made before January 2004}
}
@book{purification, place={Cambridge}, title={Quantum Computation and Quantum Information: 10th Anniversary Edition}, DOI={10.1017/CBO9780511976667}, publisher={Cambridge University Press}, author={Nielsen, Michael A. and Chuang, Isaac L.}, year={2010}}
 
@book{quantum_computer_science, place={Cambridge}, title={Quantum Computing for Computer Scientists}, DOI={10.1017/CBO9780511813887}, publisher={Cambridge University Press}, author={Yanofsky, Noson S. and Mannucci, Mirco A.}, year={2008}}

@book{intro_programming_languages, place={Cambridge}, title={Introduction to the Theory of Programming Languages}, DOI={10.1007/978-0-85729-076-2}, publisher={Springer London}, author={Gilles Dowek, Jean-Jacques L{\'e}vy}, year={2011}}


@book{algebra,
  added-at = {2015-09-13T12:59:16.000+0200},
  address = {Pacific Grove, Calif.},
  author = {Kincaid, David R. and Cheney, E. Ward},
  biburl = {https://www.bibsonomy.org/bibtex/2631a761e72bc06237e403d6ab5dba48f/ytyoun},
  interhash = {2f6ddbc6372f6277ff9501c378a8b888},
  intrahash = {631a761e72bc06237e403d6ab5dba48f},
  isbn = {9780534130145},
  keywords = {caratheodory chebyshev chebyshev.set haar numerical.analysis textbook},
  publisher = {Brooks/Cole},
  refid = {22709411},
  timestamp = {2015-12-21T09:40:04.000+0100},
  title = {Numerical Analysis: Mathematics of Scientific Computing},
  year = 1991
}


@mastersthesis{agustin,
  type     = {Tesis de Licenciado en Ciencias de la Computaci{\'o}n},    
  author       = {Agust{\'i}n Borgna}, 
  title        = {Simulaci{\'o}n del lambda c{\'a}lculo de matrices de densidad en el lambda c{\'a}lculo cu{\'a}ntico de Selinger y Valiron},
  school       = {Universidad de Buenos Aires Facultad de Ciencias Exactas y Naturales Departamento de Computaci{\'o}n},
  year         = 2019,
  address      = {Buenos Aireas},
  note         = {Director: Alejandro D{\'i}az-Caro},
  language     = {spanish}
}


@article{shuffle,
    author = {Diaconis, Persi and Graham, R.L and Kantor, William M},
    title = {The Mathematics of Perfect Shuffles},
    year = {1983},
    issue_date = {June, 1983},
    publisher = {Academic Press, Inc.},
    address = {USA},
    volume = {4},
    number = {2},
    issn = {0196-8858},
    url = {https://doi.org/10.1016/0196-8858(83)90009-X},
    doi = {10.1016/0196-8858(83)90009-X},
    journal = {Adv. Appl. Math.},
    month = {jun},
    pages = {175–196},
    numpages = {22}
}


% Gordon D. Plotkin. Call-by-name, call-by-value and the λ-calculus. Theoretical Computer Science, 1(2):125–159, 1975.
@article{call_by_name,
    title = {Call-by-name, call-by-value and the $\lambda$-calculus},
    journal = {Theoretical Computer Science},
    volume = {1},
    number = {2},
    pages = {125-159},
    year = {1975},
    issn = {0304-3975},
    doi = {https://doi.org/10.1016/0304-3975(75)90017-1},
    url = {https://www.sciencedirect.com/science/article/pii/0304397575900171},
    author = {G.D. Plotkin},
}

@online{ibmquantum,
  title={IBM Quantum},
  year = {2021},
  author={IBM},
  url={https://quantum-computing.ibm.com/},
  note = {Accedido: 01/10/2023},
}

@online{monads,
  title={All about monads},
  year = {2003},
  author={Newbern, Jeff},
  url={https://wiki.haskell.org/All_About_Monads},
  note = {Accedido: 01/10/2023},
}

% https://lmcs.episciences.org/927/pdf P{\'a}gina 16, secci{\'o}n 3.4

@article{van_Tonder_2004,
	doi = {10.1137/s0097539703432165},
	url = {https://doi.org/10.1137%2Fs0097539703432165},
	year = 2004,
	month = {1},
	publisher = {Society for Industrial {\&} Applied Mathematics ({SIAM})},
	volume = {33},
	number = {5},
	pages = {1109--1135},
	author = {Andr{\'{e}
} van Tonder},
	title = {A Lambda Calculus for Quantum Computation},
	journal = {{SIAM} Journal on Computing}
}

@incollection{Selinger_2005,
	doi = {10.1007/11417170_26},
  
	url = {https://doi.org/10.1007%2F11417170_26},
  
	year = 2005,
	publisher = {Springer Berlin Heidelberg},
  
	pages = {354--368},
  
	author = {Peter Selinger and Beno{\^i}t Valiron},
  
	title = {A Lambda Calculus for Quantum Computation with Classical Control},
  
	booktitle = {Lecture Notes in Computer Science}
}

@article{zorzi_2016, title={On quantum lambda calculi: a foundational perspective}, month={10}, volume={26}, DOI={10.1017/S0960129514000425}, number={7}, journal={Mathematical Structures in Computer Science}, publisher={Cambridge University Press}, author={Zorzi, Margherita}, year={2016}, pages={1107–1195}}

@article{linearlambda,
author = {Arrighi, Pablo and Dowek, Gilles},
year = {2005},
month = {02},
pages = {},
title = {Lineal: A linear-algebraic Lambda-calculus},
volume = {Volume 13, Issue 1},
journal = {Logical Methods in Computer Science},
doi = {10.23638/LMCS-13(1:8)2017}
}

@book{lenguajes,
booktitle = {Introducción a la teoría de autómatas, lenguajes y computación},
isbn = {8478290567},
keywords = {Teoría de las máquinas},
language = {spa},
publisher = {Addison Wesley},
title = {Introducción a la teoría de autómatas, lenguajes y computación / John E. Hopcroft, Rajeev Motwani, Jeffrey D. Ullman},
year = {2002},
author = {Hopcroft, John E. and Motwani, Rajeev and Ullman, Jeffrey D.},
address = {Madrid},
}

@Inbook{cover_np,
author="Karp, Richard M.",
editor="Miller, Raymond E.
and Thatcher, James W.
and Bohlinger, Jean D.",
title="Reducibility among Combinatorial Problems",
bookTitle="Complexity of Computer Computations: Proceedings of a symposium on the Complexity of Computer Computations, held March 20--22, 1972, at the IBM Thomas J. Watson Research Center, Yorktown Heights, New York, and sponsored by the Office of Naval Research, Mathematics Program, IBM World Trade Corporation, and the IBM Research Mathematical Sciences Department",
year="1972",
publisher="Springer US",
address="Boston, MA",
pages="85--103",
isbn="978-1-4684-2001-2",
doi="10.1007/978-1-4684-2001-2_9",
url="https://doi.org/10.1007/978-1-4684-2001-2_9"
}




@article{Arrighi_2017,
	title = {The vec\-to\-rial $\lambda$-cal\-cu\-lus},
journal = {Information and Computation},
volume = {254},
pages = {105-139},
year = {2017},
issn = {0890-5401},
publisher = {Elsevier {BV}},
doi = {https://doi.org/10.1016/j.ic.2017.04.001},
url = {https://www.sciencedirect.com/science/article/pii/S0890540117300482},
	author = {Pablo Arrighi and Alejandro D{\'i}az-Caro and Beno{\^i}t Valiron},
}

@article{typing_quantum,
author = {D{\'i}az-Caro, Alejandro and Dowek, Gilles},
year = {2017},
month = {09},
pages = {},
title = {Typing quantum superpositions and projective measurements},
journal = {Lecture Notes in Computer Science}
}

@article{hondt_panangaden_2006, title={Quantum weakest preconditions}, volume={16}, DOI={10.1017/S0960129506005251}, number={3}, journal={Mathematical Structures in Computer Science}, publisher={Cambridge University Press}, author={D'Hondt, Ellie and Panangaden, Prakash}, year={2006}, pages={429–451}}


@article{bisimulation,
author = {Feng, Yuan and Duan, Runyao and Ying, Mingsheng},
title = {Bisimulation for Quantum Processes},
year = {2011},
issue_date = {January 2011},
publisher = {Association for Computing Machinery},
address = {New York, NY, USA},
volume = {46},
number = {1},
issn = {0362-1340},
url = {https://doi.org/10.1145/1925844.1926446},
doi = {10.1145/1925844.1926446},
journal = {SIGPLAN Not.},
month = {1},
pages = {523–534},
numpages = {12},
keywords = {congruence, quantum process algebra, quantum communication, bisimulation, quantum computing}
}

@article{quantum_markov,
title = {Model checking quantum Markov chains},
journal = {Journal of Computer and System Sciences},
volume = {79},
number = {7},
pages = {1181-1198},
year = {2013},
issn = {0022-0000},
doi = {https://doi.org/10.1016/j.jcss.2013.04.002},
url = {https://www.sciencedirect.com/science/article/pii/S0022000013000780},
author = {Yuan Feng and Nengkun Yu and Mingsheng Ying},
keywords = {Quantum Markov chains, Quantum protocols, Model checking},
}

@article{invariants_quantum,
author = {Ying, Mingsheng and Ying, Shenggang and Wu, Xiaodi},
title = {Invariants of Quantum Programs: Characterisations and Generation},
year = {2017},
issue_date = {January 2017},
publisher = {Association for Computing Machinery},
address = {New York, NY, USA},
volume = {52},
number = {1},
issn = {0362-1340},
url = {https://doi.org/10.1145/3093333.3009840},
doi = {10.1145/3093333.3009840},
journal = {SIGPLAN Not.},
month = {1},
pages = {818–832},
numpages = {15},
keywords = {Partial correctness, Quantum programming, Program invariants, Invariant generation, Inductive assertions}
}

@book{Ying2016,
  author    = {Ying, Mingsheng},
  title     = {Foundations of Quantum Programming},
  publisher = {Morgan Kaufmann an imprint of Elsevier},
  year      = {2016},
  url       = {http://site.ebrary.com/id/11187870},
  note      = {Retrieved October 1, 2023},
}

@inproceedings{Altenkirch,
	doi = {10.1109/lics.2005.1},
  
	url = {https://doi.org/10.1109%2Flics.2005.1},
  
	publisher = {{IEEE}
},
        year= {2005},
  
	author = {T. Altenkirch and J. Grattage},
  
	title = {A Functional Quantum Programming Language},
  
	booktitle = {20th Annual {IEEE} Symposium on Logic in Computer Science ({LICS}{\textquotesingle} 05)}
}

@article{Green_2013,
	doi = {10.1145/2499370.2462177},
  
	url = {https://doi.org/10.1145%2F2499370.2462177},
  
	year = 2013,
	month = {6},
  
	publisher = {Association for Computing Machinery ({ACM})},
  
	volume = {48},
  
	number = {6},
  
	pages = {333--342},
  
	author = {Alexander S. Green and Peter LeFanu Lumsdaine and Neil J. Ross and Peter Selinger and Beno{\^i}t Valiron},
  
	title = {Quipper},
  
	journal = {{ACM} {SIGPLAN} Notices}
}


@article{high_order_quantum,
author = {Pagani, Michele and Selinger, Peter and Valiron, Beno{\^i}t},
title = {Applying Quantitative Semantics to Higher-Order Quantum Computing},
year = {2014},
issue_date = {January 2014},
publisher = {Association for Computing Machinery},
address = {New York, NY, USA},
volume = {49},
number = {1},
issn = {0362-1340},
url = {https://doi.org/10.1145/2578855.2535879},
doi = {10.1145/2578855.2535879},
abstract = {Finding a denotational semantics for higher order quantum computation is a long-standing problem in the semantics of quantum programming languages. Most past approaches to this problem fell short in one way or another, either limiting the language to an unusably small finitary fragment, or giving up important features of quantum physics such as entanglement. In this paper, we propose a denotational semantics for a quantum lambda calculus with recursion and an infinite data type, using constructions from quantitative semantics of linear logic.},
journal = {SIGPLAN Not.},
month = {1},
pages = {647–658},
numpages = {12},
keywords = {quantum computation, higher-order, functional programming, completely positive maps, categorical model}
}

@report{Knill1996,
  author    = {Knill, E.},
  title     = {Conventions for Quantum Pseudocode},
    doi = {10.2172/366453},
  institution = {University of North Texas Libraries, UNT Digital Library},
    place = {United States},
  year      = {1996},
    month = {6},
  url       = {https://digital.library.unt.edu/ark:/67531/metadc687305/},
  note = {A\-cce\-di\-do: 01/10/2023},
}

@manual{PythonReference,
  title = {Python Language Reference, version 3.\-11.5},
  author = {Python Software Foundation},
  year = {2021},
  url = {https://docs.python.org/3/},
  note = {Accedido: 01/10/2023},
}

@online{QiskitOfficial,
  title = {Qiskit: An Open-source Framework for Quantum Computing},
  author = {Qiskit Developers},
  year = {2021},
  url = {https://qiskit.org/},
  note = {Accedido: 01/10/2023},
}

@online{QiskitTextbook,
  title = {Learn Quantum Computation Using Qiskit},
  author = {Abraham Asfaw and others},
  year = {2021},
  url = {https://qiskit.org/textbook/preface.html},
  note = {Accedido: 01/10/2023},
}

@article{qasm3,
	doi = {10.1145/3505636},
  
	url = {https://doi.org/10.1145%2F3505636},
  
	year = 2022,
	month = {9},
  
	publisher = {Association for Computing Machinery ({ACM})},
  
	volume = {3},
  
	number = {3},
  
	pages = {1--50},
  
	author = {Andrew Cross and Ali Javadi-Abhari and Thomas Alexander and Niel De Beaudrap and Lev S. Bishop and Steven Heidel and Colm A. Ryan and Prasahnt Sivarajah and John Smolin and Jay M. Gambetta and Blake R. Johnson},
  
	title = {{OpenQASM}~3: A Broader and Deeper Quantum Assembly Language},
  
	journal = {{ACM} Transactions on Quantum Computing}
}


@misc{ibm_pictures,
  author    = {IBM},
  title     = {IBM Quantum Image Gallery},
  year      = {2020},
  url       = {https://newsroom.ibm.com/media-quantum-innovation?keywords=quantum&l=100},
  note      = {Accedido: 01/10/2023},
}

@book{simplex,
  title={Operations Research: Applications and Algorithms},
  author={Winston, W.L.},
  isbn={9780357907818},
  url={https://books.google.co.uk/books?id=Y9NYEAAAQBAJ},
  year={2022},
  publisher={Cengage Learning}
}


@Inbook{vertex_cover,
author = {Vazirani, Vijay V.},
title="Approximation Algorithms",
bookTitle="Combinatorial Optimization: Theory and Algorithms",
year="2008",
publisher="Springer Berlin Heidelberg",
address="Berlin, Heidelberg",
pages="393--437",
abstract="In this chapter we introduce the important concept of approximation algorithms. So far we have dealt mostly with polynomially solvable problems. In the remaining chapters we shall indicate some strategies to cope with NP-hard combinatorial optimization problems. Here approximation algorithms must be mentioned in the first place.",
isbn="978-3-540-71844-4",
doi="10.1007/978-3-540-71844-4_16",
url="https://doi.org/10.1007/978-3-540-71844-4_16"
}

