@Article{ArrighiDowekLMCS17,
  author = "Pablo Arrighi and Gilles Dowek",
  title = "Lineal: A linear-algebraic lambda-calculus",
  journal = "Logical Methods in Computer Science",
  volume = "13",
  number = "1:8",
  year = "2017"
}

@Article{SelingerMSCS04,
  author = "Peter Selinger",
  title = "Towards a quantum programming language",
  journal = "Mathematical Structures in Computer Science",
  volume = "14",
  number = "4",
  pages = "527--586",
  year = "2004"
}

@Article{AltenkirchGrattageLICS05,
  author = "Thorsten Altenkirch and Jonathan J. Grattage",
  title = "A functional quantum programming language",
  journal = "Proceedings of {LICS}",
  volume = "2005",
  pages = "249--258",
  year = "2005",
}

@Article{AltenkirchGrattageVizzottoSabryQPL05,
  author = "Thorsten Altenkirch and Jonathan Grattage and Juliana K. Vizzotto and Amr Sabry",
  title = "An Algebra of Pure Quantum Programming",
  journal = "Electronic Notes in Theoretical Computer Science",
  volume = "170",
  pages = "23--47",
  year = "2007",
  note = "Proceedings of {QPL 2005}"
}


@Article{DiazcaroDowekTPNC17,
    author = "D{\'\i}az-Caro, Alejandro and Dowek, Gilles",
    title = "Typing quantum superpositions and measurement",
    journal = "Lecture Notes in Computer Science",
    volume = "10687",
    pages = "281--293",
    year = "2017",
    note = "Proceedings of {TPNC 2017}"
}

@Article{DiazcaroAPLAS17,
    author = "Alejandro D{\'\i}az-Caro",
    title = "A lambda calculus for density matrices with classical and probabilistic controls",
    journal = "Lecture Notes in Computer Science",
    pages = "448--467",
    volume = "10695",
    year = "2017",
    note = "Proceedings of {APLAS 2017}"
}

@Book{NielsenChuang10,
   author = "Michael Nielsen and Isaac Chuang",
   title = "Quantum computation and quantum information",
   publisher = "Cambridge University Press",
   year = "2010"
}
   

@Article{DiazcaroDowekRinaldiBIO19,
    author = "Alejandro D\'{\i}az-Caro and Gilles Dowek and {Juan Pablo} Rinaldi",
    title = "Two linearities for quantum computing in the lambda calculus",
    journal = "BioSystems",
    volume = "186",
    pages = "104012",
    year = "2019"
}

@Article{DiazcaroGuillermoMiquelValironLICS19,
    author = "D\'{\i}az-Caro, Alejandro and Guillermo, Mauricio and Miquel, Alexandre and Valiron, Beno\^{\i}t",
    title = "Realizability in the Unitary Sphere",
    journal = "Proceedings of {LICS}",
    volume = "2019",
    pages = "1--13",
    year = "2019"
}


@Misc{DiazcaroMalherbe2020,
    author = "D\'{\i}az-Caro, Alejandro and Malherbe, Octavio",
    title = "A concrete model for a linear algebraic lambda calculus",
    year = "2020",
    howpublished = "Under review. Draft at {\tt arXiv:1806.09236}"
}

@Article{DiazcaroMalherbeACS20,
    author = "D\'{\i}az-Caro, Alejandro and Malherbe, Octavio",
    title = "A Categorical Construction for the Computational Definition of Vector Spaces",
    journal = "Applied Categorical Structures",
    volume = "28",
    number= "5",
    pages = "807--844",
    year = "2020",
}

@Article{DiazcaroMalherbeLSFA18,
    author = "Alejandro D\'{\i}az-Caro and Octavio Malherbe",
    title = "A concrete categorical semantics for Lambda-S",
    journal = "Electronic Notes in Theoretical Computer Science",
    volume = "344",
    pages = "83--100",
    year = "2019",
    note= "Proceedings of {LSFA 2018}"
}

@article{PlotkinTCS75,
   author = "Gordon Plotkin",
   title = "Call-by-name, call-by-value and the $\lambda$-calculus",
   journal = "Theoretical Computer Science",
   volume = "1",
   number = "2",
   pages = "125--159",
   year = "1975"
}

